@misc{anton2022introduction,
  author       = {Anton, K. and Grozinger, C.},
  title        = {An introduction to queen honey bee development},
  year         = {2022},
  month        = {December 8},
  howpublished = {\url{https://extension.psu.edu/an-introduction-to-queen-honey-bee-development}},
  note         = {Penn State Extension}
}

@article{antonio2017frequency,
  author  = {Antonio, R. G. and Tonatiuh, S. A. and Efr√©n, G. R. and Carlos, E. G.},
  title   = {Frequency analysis of honey bee buzz for automatic recognition of health status: A preliminary study},
  journal = {Research in Computing Science},
  year    = {2017}
}

@misc{biswas2021fourier,
  author       = {Biswas, D.},
  title        = {Fourier transform},
  year         = {2021},
  month        = {June 27},
  howpublished = {\url{https://dibyendu-biswas.medium.com/fourier-transform-70ae1b7ec252}}
}

@phdthesis{crawford2017automated,
  author = {Crawford, M.},
  title  = {Automated collection of honey bee hive data using the Raspberry Pi},
  school = {Appalachian State University},
  year   = {2017},
  type   = {Doctoral dissertation}
}

@article{honey_bee_colony_2021,
  title   = {Honey bee colony losses: Why are honey bees disappearing?},
  journal = {Sociobiology},
  year    = {2021},
  volume  = {68},
  number  = {1},
  pages   = {1--13},
  doi     = {10.13102/sociobiology.v68i1.5851}
}

@inproceedings{hossan2011novel,
  author    = {Hossan, M. A. and Memon, S. and Gregory, M. A.},
  title     = {A novel approach for MFCC feature extraction},
  booktitle = {2010 4th International Conference on Signal Processing and Communication Systems (ICSPCS)},
  publisher = {IEEE},
  year      = {2011},
  doi       = {10.1109/ICSPCS.2010.5709752}
}

@article{kulyukin2018toward,
  author  = {Kulyukin, V. and Mukherjee, S. and Amlathe, P.},
  title   = {Toward audio beehive monitoring: Deep learning vs. standard machine learning in classifying beehive audio samples},
  journal = {Applied Sciences},
  year    = {2018},
  volume  = {8},
  pages   = {1573}
}

@article{lim2020time,
  author  = {Lim, B. and Zohren, S.},
  title   = {Time series forecasting with deep learning: A survey},
  year    = {2020},
  journal = {Department of Engineering Science, University of Oxford},
  url     = {https://arxiv.org/abs/2004.14055}
}

@inproceedings{mohamad2019iot,
  author    = {Mohamad Noor, M. N. and Khamis, A. and Zainol, M. Z.},
  title     = {IoT approach application for development of autonomous beekeeping system},
  booktitle = {2019 International Conference in Engineering Applications (ICEA)},
  year      = {2019},
  pages     = {1--6},
  address   = {Kuala Lumpur, Malaysia}
}

@inproceedings{nacem2020subspace,
  author    = {Nacem, S. and Iqbal, M. and Saqib, M. and Saad, M. and Raza, M. S. and Ali, Z. M. and Akhtar, N. and Beg, M. O. and Shahzad, W. and Arshad, M. U.},
  title     = {Subspace Gaussian Mixture Model for Continuous Urdu Speech Recognition using Kaldi},
  booktitle = {2020 14th International Conference on Open Source Systems and Technologies (ICOSST)},
  year      = {2020},
  pages     = {1--7},
  doi       = {},
  publisher = {IEEE}
}

@article{oshea2015introduction,
  author  = {O'Shea, K. and Nash, R.},
  title   = {An introduction to convolutional neural networks (Version 2)},
  year    = {2015},
  journal = {arXiv},
  url     = {https://arxiv.org/abs/1511.06422}
}

@misc{pham2020industry4,
  author       = {Pham Hong Thai},
  title        = {Research and apply technology from Industry 4.0 into production management of honey for domestic consumption and exportation},
  year         = {2020},
  note         = {KC-4.0-20/19-25},
  url          = {https://eng.vnua.edu.vn/research/research-projects/domesticprojects/national-level-projects/national-projects-in-2020-2022-52045},
  howpublished = {National-level Project, Vietnam National University of Agriculture}
}

@article{ruvinga2023identifying,
  author = {Ruvinga, S. and Hunter, G. and Duran, O. and Nebel, J.-C.},
  title  = {Identifying queenlessness in honeybee hives from audio signals using machine learning},
  year   = {2023},
  month  = {March 30},
  note   = {Published},
  url    = {www.arnia.co.uk}
}

@inproceedings{sainath2015convolutional,
  author    = {Sainath, T. N. and Vinyals, O. and Senior, A. and Sak, H.},
  title     = {Convolutional, long short-term memory, fully connected deep neural networks},
  booktitle = {Proceedings of the 16th Annual Conference of the International Speech Communication Association, INTERSPEECH 2015},
  year      = {2015},
  pages     = {1--5},
  url       = {https://www.isca-speech.org/archive/interspeech_2015/saintath15_interspeech.html}
}

@inproceedings{schurischuster2016sensor,
  author    = {Schurischuster, S. and Zambanini, S. and Kampel, M. and Lamp, B.},
  title     = {Sensor study for monitoring varroa mites on honey bees (apis mellifera)},
  booktitle = {23rd International Conference on Pattern Recognition (ICPR 2016)},
  year      = {2016},
  month     = {December 4},
  address   = {Cancun, Mexico}
}

@misc{technical_editor_2017,
  author       = {Technical Editor},
  year         = {2017},
  title        = {Difference between time domain and frequency domain},
  howpublished = {Polytechnic Hub},
  note         = {Retrieved from \url{https://www.polytechnichub.com/difference-time-domain-frequency-domain/}},
  month        = {May 13}
}

@article{zacepins2016remote,
  author  = {Zacepins, A. and Kviesis, A. and Stalidzans, E.},
  title   = {Remote detection of the swarming of honey bee colonies by single-point temperature monitoring},
  journal = {Biosystems Engineering},
  year    = {2016},
  volume  = {148},
  pages   = {76--80}
}
